@InCollection{sep-prisoner-dilemma,
	author       = {Kuhn, Steven},
	title        = {{Prisonerâ€™s Dilemma}},
	booktitle    = {The {Stanford} Encyclopedia of Philosophy},
	editor       = {Edward N. Zalta},
	howpublished = {\url{https://plato.stanford.edu/archives/win2019/entries/prisoner-dilemma/}},
	year         = {2019},
	edition      = {Winter 2019},
	publisher    = {Metaphysics Research Lab, Stanford University}
}

@article{smaldino,
  author  = {Smaldino, Paul E. and Schank, Jeffrey C. and McElreath, Richard},
  title   = {Increased Costs of Cooperation Help Cooperators in the Long Run.},
  journal = {The American Naturalist},
  volume  = {181},
  number  = {4},
  pages   = {451-463},
  year    = {2013},
  doi     = {10.1086/669615},
  note    = {PMID: 23535611},
  URL     = {https://doi.org/10.1086/669615},
  eprint  = {https://doi.org/10.1086/669615},
}
